@online{stackOverflowSurvey,
    author = {Stack~Overflow},
    year = {2020},
    title = {Stack Overflow Developer Survey 2020},
    url = {https://insights.stackoverflow.com/survey/2020},
    urldate = {2021-05-16}
}
